@online{8_de_janeiro_38_confessaram_crimes_e_fecharam,
 abstract = {itatiaia.com.br},
 author = {itatiaia.com.br},
 keywords = {8 De Janeiro},
 month = {Sem Mês},
 note = {Acessado em 2024-01-15 23:10:15},
 title = {8 de janeiro: 38 confessaram crimes e fecharam acordos para não serem presos},
 url = {https://www.itatiaia.com.br/politica/2024/01/08/8-de-janeiro-38-confessaram-crimes-e-fecharam-acordos-para-nao-serem-presos},
 year = {Sem Ano}
}

@online{8_de_Janeiro_Agentes_do_caos_seguem_ativos_e_,
 abstract = {cartacapital.com.br},
 author = {cartacapital.com.br},
 keywords = {STF, 8 de janeiro, Ricardo Lewandowski},
 month = {Sem Mês},
 note = {Acessado em 2024-01-15 22:41:34},
 title = {8 de Janeiro: Agentes do caos seguem ativos e espectro do autoritarismo nos assombra, diz Lewandowski},
 url = {https://www.cartacapital.com.br/politica/8-de-janeiro-agentes-do-caos-seguem-ativos-e-espectro-do-autoritarismo-nos-assombra-diz-lewandowski/},
 year = {Sem Ano}
}

@online{8_de_janeiro_de_2023_o_dia_que_a_democracia_f,
 abstract = {dol.com.br},
 author = {dol.com.br},
 keywords = {8 de janeiro, ataque à democracia, atos golpistas},
 month = {Sem Mês},
 note = {Acessado em 2024-01-15 21:43:19},
 title = {8 de janeiro de 2023: o dia que a democracia foi atacada},
 url = {https://dol.com.br/noticias/brasil/843250/8-de-janeiro-de-2023-o-dia-que-a-democracia-foi-atacada?d=1},
 year = {Sem Ano}
}

@online{Lula_diz_que_nao_havera_perdao_para_os_culpad,
 abstract = {camara.leg.br},
 author = {camara.leg.br},
 keywords = {Sem palavras-chave},
 month = {Sem Mês},
 note = {Acessado em 2024-01-15 23:41:13},
 title = {Lula diz que não haverá perdão para os culpados pelo 8 de janeiro - Notícias},
 url = {https://www.camara.leg.br/noticias/1030737-lula-diz-que-nao-havera-perdao-para-os-culpados-pelo-8-de-janeiro/},
 year = {Sem Ano}
}

@online{Quaest_89_reprovam_atos_golpistas_de_8_de_jan,
 abstract = {noticias.uol.com.br},
 author = {noticias.uol.com.br},
 keywords = {Sem palavras-chave},
 month = {Sem Mês},
 note = {Acessado em 2024-01-15 21:43:28},
 title = {Quaest: 89\% reprovam atos golpistas de 8 de janeiro; há um ano, eram 94\%},
 url = {https://noticias.uol.com.br/politica/ultimas-noticias/2024/01/07/pesquisa-quaest-atos-8-de-janeiro.htm},
 year = {Sem Ano}
}

@online{Roberto_Amaral_8_de_janeiro_adeus_as_ilusoesg,
 abstract = {viomundo.com.br},
 author = {viomundo.com.br},
 keywords = {Sem palavras-chave},
 month = {Sem Mês},
 note = {Acessado em 2024-01-15 21:43:07},
 title = {Roberto Amaral: 8 de janeiro, adeus às ilusões},
 url = {https://www.viomundo.com.br/politica/roberto-amaral-8-de-janeiro-adeus-as-ilusoes.html},
 year = {Sem Ano}
}

@online{Visao_do_Correio_Democracia_fortalecidancwrgt,
 abstract = {correiobraziliense.com.br},
 author = {correiobraziliense.com.br},
 keywords = {democracia, 8 de janeiro, golpe},
 month = {Sem Mês},
 note = {Acessado em 2024-01-15 21:49:20},
 title = {Visão do Correio: Democracia fortalecida},
 url = {https://www.correiobraziliense.com.br/opiniao/2024/01/6781268-visao-do-correio-democracia-fortalecida.html},
 year = {Sem Ano}
}
