@online{A_CAUSA_E_AS_POLITICAS_DE_DIREITOS_HUMANOS_NO,
 abstract = {scielo.br},
 author = {scielo.br},
 keywords = {Sem palavras-chave},
 month = {Sem Mês},
 note = {Acessado em 2024-02-11 13:20:53},
 title = {A CAUSA E AS POLÍTICAS DE DIREITOS HUMANOS NO BRASIL},
 url = {https://www.scielo.br/j/ccrh/a/RqhXtbz8Kwg6MwTKqZyMfFR/},
 year = {Sem Ano}
}

@online{Ciclo_de_Politicas_Publicas_por_que_e_importa,
 abstract = {blog.inteligov.com.br},
 author = {blog.inteligov.com.br},
 keywords = {Sem palavras-chave},
 month = {Sem Mês},
 note = {Acessado em 2024-01-30 11:32:35},
 title = {Ciclo de Políticas Públicas: por que é importante conhecer?},
 url = {https://www.blog.inteligov.com.br/ciclo-de-politicas-publicas},
 year = {Sem Ano}
}

@online{Conheca_o_ciclo_das_politicas_publicas__Polit,
 abstract = {politize.com.br},
 author = {politize.com.br},
 keywords = {Danilo Andrade, Básico da Política},
 month = {Sem Mês},
 note = {Acessado em 2024-01-30 11:32:52},
 title = {Conheça o ciclo das políticas públicas \textbar{} Politize!},
 url = {https://www.politize.com.br/ciclo-politicas-publicas/},
 year = {Sem Ano}
}

@online{Educacao_Inclusiva_Conheca_o_historico_da_leg,
 abstract = {todospelaeducacao.org.br},
 author = {todospelaeducacao.org.br},
 keywords = {Decreto Nº 5.626/05, Decreto Nº 7.611, Declaração de Incheon, Objetivos de Desenvolvimento Sustentável, Decreto N°10.502 - Política Nacional de Educação Especial, Lei Nº 4.024, Convenção sobre os Direitos das Pessoas com Deficiência, Lei Nº 10.436/02, rodrigo mendes, Plano de Desenvolvimento da Educação (PDE), Lei Nº 7.853, Decreto Nº 3.298, Declaração Mundial de Educação para Todos, Resolução CNE/CEB Nº 2, Decreto Nº 6.094/07, Resolução Nº 4 CNE/CEB, Convenção da Guatemala, Política Nacional de Educação Especial na Perspectiva da Educação Inclusiva, Decreto Nº 7.480, Lei Nº 9.394, todos pela educação, Plano Nacional de Educação em Direitos Humanos, Instituto Rodrigo Mendes, Educação Inclusiva no Brasil, 1988 – Constituição Federal, BNCC, Educação Inclusiva, Declaração de Salamanca, Lei Nº 5.692, Decreto Nº 6.571, Decreto Nº 9.465, Lei Nº 8.069, Lei nº 12.764, Lei Nº 10.172, Plano Nacional de Educação (PNE), Lei Brasileira de Inclusão},
 month = {Sem Mês},
 note = {Acessado em 2024-01-31 21:03:26},
 title = {Educação Inclusiva: Conheça o histórico da legislação sobre inclusão},
 url = {https://todospelaeducacao.org.br/noticias/conheca-o-historico-da-legislacao-sobre-educacao-inclusiva/},
 year = {Sem Ano}
}

@online{Em_Buenos_Aires_Silvio_Almeida_defende_a_inst,
 abstract = {gov.br},
 author = {gov.br},
 keywords = {Sem palavras-chave},
 month = {Sem Mês},
 note = {Acessado em 2024-02-11 13:22:13},
 title = {Em Buenos Aires, Silvio Almeida defende a \textquotedbl{}institucionalização\textquotedbl{} da política de direitos humanos no Brasil; saiba o que significa o termo},
 url = {https://www.gov.br/mdh/pt-br/assuntos/noticias/2023/marco/em-buenos-aires-silvio-almeida-defende-a-institucionalizacao-da-politica-de-direitos-humanos-no-brasil-saiba-o-que-significa-o-termo},
 year = {Sem Ano}
}

@online{Entendendo_a_Tipologia_de_Politicas_Publicas_,
 abstract = {reyabogado.com},
 author = {reyabogado.com},
 keywords = {Sem palavras-chave},
 month = {Sem Mês},
 note = {Acessado em 2024-01-30 11:32:26},
 title = {Entendendo a Tipologia de Políticas Públicas: Uma Análise Detalhada},
 url = {https://reyabogado.com/brasil/o-que-e-tipologia-de-politicas-publicas/},
 year = {Sem Ano}
}

@online{Escola_Nacional_de_Administracao_Publica__Wik,
 abstract = {pt.wikipedia.org},
 author = {pt.wikipedia.org},
 keywords = {Sem palavras-chave},
 month = {Sem Mês},
 note = {Acessado em 2024-01-30 11:30:21},
 title = {Escola Nacional de Administração Pública – Wikipédia, a enciclopédia livre},
 url = {https://pt.wikipedia.org/wiki/Escola_Nacional_de_Administra%C3%A7%C3%A3o_P%C3%BAblica},
 year = {Sem Ano}
}

@online{Especialista_em_politicas_publicas_e_gestao_g,
 abstract = {pt.wikipedia.org},
 author = {pt.wikipedia.org},
 keywords = {Sem palavras-chave},
 month = {Sem Mês},
 note = {Acessado em 2024-01-30 11:29:49},
 title = {Especialista em políticas públicas e gestão governamental – Wikipédia, a enciclopédia livre},
 url = {https://pt.wikipedia.org/wiki/Especialista_em_pol%C3%ADticas_p%C3%BAblicas_e_gest%C3%A3o_governamental},
 year = {Sem Ano}
}

@online{FEDERALISMO_E_POLITICAS_PUBLICAS_NO_BRASIL_Ho,
 abstract = {scielo.br},
 author = {scielo.br},
 keywords = {Sem palavras-chave},
 month = {Sem Mês},
 note = {Acessado em 2024-01-30 11:36:05},
 title = {FEDERALISMO E POLÍTICAS PÚBLICAS NO BRASIL. Hochman G, Faria CAP. Rio de Janeiro: Editora Fiocruz; 2013. 388 p.},
 url = {https://www.scielo.br/j/csp/a/mP678DZD7kbk8BKptTcsZcq/},
 year = {Sem Ano}
}

@online{Institucionalizacao_das_politicas_em_Direitos,
 abstract = {medium.com},
 author = {medium.com},
 keywords = {Políticas, Políticas De Estado, Direitos Humanos},
 month = {Sem Mês},
 note = {Acessado em 2024-02-11 13:20:41},
 title = {Institucionalização das políticas em Direitos Humanos como políticas de Estado},
 url = {https://medium.com/@celionormando/institucionaliza%C3%A7%C3%A3o-das-pol%C3%ADticas-em-direitos-humanos-como-pol%C3%ADticas-de-estado-f1a777f6eb56},
 year = {Sem Ano}
}

@online{Ministerio_do_Planejamento_e_Orcamento__Wikip,
 abstract = {pt.wikipedia.org},
 author = {pt.wikipedia.org},
 keywords = {Sem palavras-chave},
 month = {Sem Mês},
 note = {Acessado em 2024-01-30 11:30:07},
 title = {Ministério do Planejamento e Orçamento – Wikipédia, a enciclopédia livre},
 url = {https://pt.wikipedia.org/wiki/Minist%C3%A9rio_do_Planejamento_e_Or%C3%A7amento},
 year = {Sem Ano}
}

@online{Ministro_defende_que_direitos_humanos_precisa,
 abstract = {agenciabrasil.ebc.com.br},
 author = {agenciabrasil.ebc.com.br},
 keywords = {política de direitos humanos, silvio almeida},
 month = {Sem Mês},
 note = {Acessado em 2024-02-11 13:21:38},
 title = {Ministro defende que direitos humanos precisam ser política de Estado},
 url = {https://agenciabrasil.ebc.com.br/direitos-humanos/noticia/2023-03/ministro-defende-que-direitos-humanos-precisam-ser-politica-de-estado},
 year = {Sem Ano}
}

@online{Politica_conceito_politicas_publicas_e_partid,
 abstract = {brasilescola.uol.com.br},
 author = {brasilescola.uol.com.br},
 keywords = {Sem palavras-chave},
 month = {Sem Mês},
 note = {Acessado em 2024-01-31 20:16:06},
 title = {Política: conceito, políticas públicas e partidos},
 url = {https://brasilescola.uol.com.br/politica},
 year = {Sem Ano}
}

@online{Politica_publica__o_que_e_tipos_de_politicas_,
 abstract = {infoescola.com},
 author = {infoescola.com},
 keywords = {Sem palavras-chave},
 month = {Sem Mês},
 note = {Acessado em 2024-01-31 20:48:37},
 title = {Política pública - o que é, tipos de políticas públicas, importância, exemplos},
 url = {https://www.infoescola.com/sociedade/politica-publica/},
 year = {Sem Ano}
}

@online{Politica_publica__Wikipedia_a_enciclopedia_li,
 abstract = {pt.wikipedia.org},
 author = {pt.wikipedia.org},
 keywords = {public-policy},
 month = {Sem Mês},
 note = {Acessado em 2024-01-30 11:29:22},
 title = {Política pública – Wikipédia, a enciclopédia livre},
 url = {https://pt.wikipedia.org/wiki/Pol%C3%ADtica_p%C3%BAblica},
 year = {Sem Ano}
}

@online{Politicas_publicas__Wikipedia_la_enciclopedia,
 abstract = {es.wikipedia.org},
 author = {es.wikipedia.org},
 keywords = {Sem palavras-chave},
 month = {Sem Mês},
 note = {Acessado em 2024-01-30 11:27:52},
 title = {Políticas públicas - Wikipedia, la enciclopedia libre},
 url = {https://es.wikipedia.org/wiki/Pol%C3%ADticas_p%C3%BAblicas},
 year = {Sem Ano}
}

@online{Politicas_Publicas_entenda_o_que_sao_para_que,
 abstract = {cnnbrasil.com.br},
 author = {cnnbrasil.com.br},
 keywords = {Políticas Públicas},
 month = {Sem Mês},
 note = {Acessado em 2024-01-30 11:26:56},
 title = {Políticas Públicas: entenda o que são, para que servem e veja exemplos},
 url = {https://www.cnnbrasil.com.br/politica/politicas-publicas/},
 year = {Sem Ano}
}

@online{Politicas_Publicas_o_que_sao_e_para_que_serve,
 abstract = {politize.com.br},
 author = {politize.com.br},
 keywords = {Danilo Andrade, Básico da Política},
 month = {Sem Mês},
 note = {Acessado em 2024-01-30 11:26:33},
 title = {Políticas Públicas: o que são e para que servem? \textbar{} Politize!},
 url = {https://www.politize.com.br/politicas-publicas/},
 year = {Sem Ano}
}

@online{Politicas_publicas_o_que_sao_e_para_que_serve,
 abstract = {fia.com.br},
 author = {fia.com.br},
 keywords = {Interesse Público},
 month = {Sem Mês},
 note = {Acessado em 2024-01-30 11:30:57},
 title = {Políticas públicas: o que são e para que servem na prática?},
 url = {https://fia.com.br/blog/politicas-publicas/},
 year = {Sem Ano}
}

@online{Politicas_publicas_o_que_sao_quem_faz_e_tipos,
 abstract = {todapolitica.com},
 author = {todapolitica.com},
 keywords = {Sem palavras-chave},
 month = {Sem Mês},
 note = {Acessado em 2024-01-30 11:27:24},
 title = {Políticas públicas: o que são, quem faz e tipos},
 url = {https://www.todapolitica.com/politicas-publicas/},
 year = {Sem Ano}
}

@online{Politicas_publicas_o_que_sao_tipos_e_exemplos,
 abstract = {significados.com.br},
 author = {significados.com.br},
 keywords = {Sem palavras-chave},
 month = {Sem Mês},
 note = {Acessado em 2024-01-30 11:28:15},
 title = {Políticas públicas: o que são, tipos e exemplos},
 url = {https://www.significados.com.br/politicas-publicas/},
 year = {Sem Ano}
}

@online{Revista_USP_119__Dossie_1_Democracia_e_politi,
 abstract = {jornal.usp.br},
 author = {jornal.usp.br},
 keywords = {Sem palavras-chave},
 month = {Sem Mês},
 note = {Acessado em 2024-01-30 11:34:59},
 title = {Revista USP 119 – Dossiê 1: Democracia e políticas públicas de direitos humanos: a situação atual do Brasil},
 url = {https://jornal.usp.br/revistausp/democracia-e-politicas-publicas-de-direitos-humanos-a-situacao-atual-do-brasil/},
 year = {Sem Ano}
}

@online{TCU_Ciclo_das_politicas_publicas__Tudo_o_que_,
 abstract = {estrategiaconcursos.com.br},
 author = {estrategiaconcursos.com.br},
 keywords = {Sem palavras-chave},
 month = {Sem Mês},
 note = {Acessado em 2024-01-30 11:33:26},
 title = {TCU: Ciclo das políticas públicas - Tudo o que você precisa saber},
 url = {https://www.estrategiaconcursos.com.br/blog/tcu-ciclo-das-politicas-publicas/#},
 year = {Sem Ano}
}
