@online{A_separacao_dos_tres_poderes_Executivo_Legisl,
 abstract = {politize.com.br},
 author = {politize.com.br},
 keywords = {Básico da Política, Gustavo Santana},
 month = {Sem Mês},
 note = {Acessado em 2024-01-30 04:07:28},
 title = {A separação dos três poderes: Executivo, Legislativo e Judiciário \textbar{} Politize!},
 url = {https://www.politize.com.br/separacao-dos-tres-poderes-executivo-legislativo-e-judiciario/},
 year = {Sem Ano}
}

@online{Como_vai_funcionar_o_Concurso_Publico_Naciona,
 abstract = {agenciabrasil.ebc.com.br},
 author = {agenciabrasil.ebc.com.br},
 keywords = {especial CNU, Ouça todos os episódios da série sobre Concurso Nacional Unificado, CNU, Enem dos Concursos, Concurso Nacional Unificado},
 month = {Sem Mês},
 note = {Acessado em 2024-01-30 04:51:06},
 title = {Como vai funcionar o Concurso Público Nacional Unificado?},
 url = {https://agenciabrasil.ebc.com.br/radioagencia-nacional/geral/audio/2024-01/como-vai-funcionar-o-concurso-publico-nacional-unificado},
 year = {Sem Ano}
}

@online{Concurso_Nacional_Unificado_edital_e_retifica,
 abstract = {correiobraziliense.com.br},
 author = {correiobraziliense.com.br},
 keywords = {Sem palavras-chave},
 month = {Sem Mês},
 note = {Acessado em 2024-01-29 05:28:47},
 title = {Concurso Nacional Unificado: edital é retificado; confira},
 url = {https://www.correiobraziliense.com.br/euestudante/concursos/2024/01/6793046-concurso-nacional-unificado-edital-e-retificado-confira.html},
 year = {Sem Ano}
}

@online{Concurso_unificado_a_novidade_do_momentoguram,
 abstract = {conjur.com.br},
 author = {conjur.com.br},
 keywords = {concursos públicos, concurso unificado, Enem dos concursos, Direito Administrativo},
 month = {Sem Mês},
 note = {Acessado em 2024-01-29 07:05:25},
 title = {Concurso unificado: a novidade do momento},
 url = {https://www.conjur.com.br/2024-jan-25/concurso-unificado-a-novidade-do-momento/},
 year = {Sem Ano}
}

@online{Concurso_Unificado_Divulgadas_novas_retificac,
 abstract = {novaconcursos.com.br},
 author = {novaconcursos.com.br},
 keywords = {Sem palavras-chave},
 month = {Sem Mês},
 note = {Acessado em 2024-01-29 06:54:13},
 title = {Concurso Unificado: Divulgadas novas retificações!},
 url = {https://www.novaconcursos.com.br/portal/noticias/concurso-unificado-divulgadas-retificacoes-editais/},
 year = {Sem Ano}
}

@online{Enem_dos_Concursos_cerca_de_2_mil_vagas_serao,
 abstract = {em.com.br},
 author = {em.com.br},
 keywords = {Sem palavras-chave},
 month = {January},
 note = {Acessado em 2024-01-16 18:21:18},
 title = {Enem dos Concursos: cerca de 2 mil vagas serão para Brasília},
 url = {https://www.em.com.br/economia/2024/01/6787255-enem-dos-concursos-cerca-de-2-mil-vagas-serao-para-brasilia.html},
 year = {2024}
}

@online{Enem_dos_Concursos_quando_comeca_quanto_custa,
 abstract = {economia.uol.com.br},
 author = {economia.uol.com.br},
 keywords = {Sem palavras-chave},
 month = {Sem Mês},
 note = {Acessado em 2024-01-16 18:21:07},
 title = {Enem dos Concursos: quando começa, quanto custa, onde serão as provas?},
 url = {https://economia.uol.com.br/empregos-e-carreiras/noticias/redacao/2024/01/13/enem-dos-concursos-entenda-o-novo-modelo-de-concurso-publico.htm},
 year = {Sem Ano}
}

@online{Enem_dos_concursos_tem_vagas_para_o_Tocantins,
 abstract = {g1.globo.com},
 author = {g1.globo.com},
 keywords = {Sem palavras-chave},
 month = {Sem Mês},
 note = {Acessado em 2024-01-16 18:21:28},
 title = {'Enem dos concursos' tem vagas para o Tocantins com salários de até R\$ 8,4 mil; Confira lista},
 url = {https://g1.globo.com/to/tocantins/noticia/2024/01/15/enem-dos-concursos-tem-vagas-para-o-tocantins-com-salarios-de-ate-r-84-mil-confira-lista.ghtml},
 year = {Sem Ano}
}

@online{Inscricoes_para_Enem_dos_Concursos_comecam_ne,
 abstract = {brasildefato.com.br},
 author = {brasildefato.com.br},
 keywords = {Sem palavras-chave},
 month = {Sem Mês},
 note = {Acessado em 2024-01-16 18:21:36},
 title = {Inscrições para 'Enem dos Concursos' começam nesta sexta (19); confira cronograma completo},
 url = {https://www.brasildefato.com.br/2024/01/15/inscricoes-para-enem-dos-concursos-comecam-nesta-sexta-19-confira-cronograma-completo},
 year = {Sem Ano}
}

@online{ldquoEnem_dos_Concursosrdquo_recebe_mais_de_7,
 abstract = {cultura.uol.com.br},
 author = {cultura.uol.com.br},
 keywords = {Sem palavras-chave},
 month = {Sem Mês},
 note = {Acessado em 2024-01-25 02:15:38},
 title = {\&ldquo;Enem dos Concursos\&rdquo; recebe mais de 700 mil inscri\&ccedil;\&otilde;es em cinco dias},
 url = {https://cultura.uol.com.br/noticias/63988_enem-dos-concursos-recebe-mais-de-700-mil-inscricoes-em-cinco-dias.html},
 year = {Sem Ano}
}

@online{Saiba_como_vai_funcionar_o_Enem_dos_concursos,
 abstract = {gazetadopovo.com.br},
 author = {gazetadopovo.com.br},
 keywords = {Sem palavras-chave},
 month = {Sem Mês},
 note = {Acessado em 2024-01-16 18:21:46},
 title = {Saiba como vai funcionar o \textquotedbl{}Enem dos concursos\textquotedbl{}},
 url = {https://www.gazetadopovo.com.br/economia/cinco-coisas-que-voce-precisa-saber-sobre-o-enem-dos-concursos/},
 year = {Sem Ano}
}
