@online{8_de_janeiro_38_confessaram_crimes_e_fecharam,
 abstract = {itatiaia.com.br},
 author = {Renan Melo Xavier},
 keywords = {8 De Janeiro},
 month = {Sem Mês},
 note = {Acessado em 2024-01-15 23:10:15},
 title = {8 de janeiro: 38 confessaram crimes e fecharam acordos para n\~ao serem presos},
 url = {{\textbackslash}https://www.itatiaia.com.br/politica/2024/01/08/8-de-janeiro-38-confessaram-crimes-e-fecharam-acordos-para-nao-serem-presos},
 year = {Sem Ano}
}

@online{8_de_Janeiro_Agentes_do_caos_seguem_ativos_e_,
 abstract = {cartacapital.com.br},
 author = {Sem Autor},
 keywords = {STF, 8 de janeiro, Ricardo Lewandowski},
 month = {Sem Mês},
 note = {Acessado em 2024-01-15 22:41:34},
 title = {8 de Janeiro: Agentes do caos seguem ativos e espectro do autoritarismo nos assombra, diz Lewandowski},
 url = {{\textbackslash}https://www.cartacapital.com.br/politica/8-de-janeiro-agentes-do-caos-seguem-ativos-e-espectro-do-autoritarismo-nos-assombra-diz-lewandowski/},
 year = {Sem Ano}
}

@online{8_de_janeiro_de_2023_o_dia_que_a_democracia_f,
 abstract = {dol.com.br},
 author = {Da Reda\c{c}\~ao},
 keywords = {8 de janeiro, ataque \`a democracia, atos golpistas},
 month = {Sem Mês},
 note = {Acessado em 2024-01-15 21:43:19},
 title = {8 de janeiro de 2023: o dia que a democracia foi atacada},
 url = {{\textbackslash}https://dol.com.br/noticias/brasil/843250/8-de-janeiro-de-2023-o-dia-que-a-democracia-foi-atacada?d=1},
 year = {Sem Ano}
}

@online{Lula_diz_que_nao_havera_perdao_para_os_culpad,
 abstract = {camara.leg.br},
 author = {Sem Autor},
 keywords = {Sem palavras-chave},
 month = {Sem Mês},
 note = {Acessado em 2024-01-15 23:41:13},
 title = {Lula diz que n\~ao haver\'a perd\~ao para os culpados pelo 8 de janeiro - Not{\'\i}cias},
 url = {{\textbackslash}https://www.camara.leg.br/noticias/1030737-lula-diz-que-nao-havera-perdao-para-os-culpados-pelo-8-de-janeiro/},
 year = {Sem Ano}
}

@online{Quaest_89_reprovam_atos_golpistas_de_8_de_jan,
 abstract = {noticias.uol.com.br},
 author = {Stella Borges},
 keywords = {Sem palavras-chave},
 month = {Sem Mês},
 note = {Acessado em 2024-01-15 21:43:28},
 title = {Quaest: 89\% reprovam atos golpistas de 8 de janeiro; h\'a um ano, eram 94\%},
 url = {{\textbackslash}https://noticias.uol.com.br/politica/ultimas-noticias/2024/01/07/pesquisa-quaest-atos-8-de-janeiro.htm},
 year = {Sem Ano}
}

@online{Roberto_Amaral_8_de_janeiro_adeus_as_ilusoesj,
 abstract = {viomundo.com.br},
 author = {Reda\c{c}\~ao},
 keywords = {Sem palavras-chave},
 month = {Sem Mês},
 note = {Acessado em 2024-01-15 21:43:07},
 title = {Roberto Amaral: 8 de janeiro, adeus \`as ilus\~oes},
 url = {{\textbackslash}https://www.viomundo.com.br/politica/roberto-amaral-8-de-janeiro-adeus-as-ilusoes.html},
 year = {Sem Ano}
}

@online{Visao_do_Correio_Democracia_fortalecidasciuot,
 abstract = {correiobraziliense.com.br},
 author = {Correio Braziliense},
 keywords = {democracia, 8 de janeiro, golpe},
 month = {Sem Mês},
 note = {Acessado em 2024-01-15 21:49:20},
 title = {Vis\~ao do Correio: Democracia fortalecida},
 url = {{\textbackslash}https://www.correiobraziliense.com.br/opiniao/2024/01/6781268-visao-do-correio-democracia-fortalecida.html},
 year = {Sem Ano}
}
