@online{Dino_diz_que_funcao_militar_e_subalterna_em_j,
 abstract = {cnnbrasil.com.br},
 author = {cnnbrasil.com.br},
 keywords = {Constituição Federal, Flávio Dino, Forças Armadas, STF (Supremo Tribunal Federal)},
 month = {Sem Mês},
 note = {Acessado em 2024-04-01 19:32:17},
 title = {Dino diz que função militar é “subalterna” em julgamento sobre limites das Forças Armadas},
 url = {https://www.cnnbrasil.com.br/politica/dino-diz-que-funcao-militar-e-subalterna-em-julgamento-sobre-limites-das-forcas-armadas/},
 year = {Sem Ano}
}

@online{No_STF_Dino_diz_que_so_ha_poder_civil_e_funca,
 abstract = {metropoles.com},
 author = {metropoles.com},
 keywords = {Luiz Fux, Supremo Tribunal Federal, Mentor, Forças Armadas, Flávio Dino},
 month = {Sem Mês},
 note = {Acessado em 2024-04-01 19:32:07},
 title = {No STF, Dino diz que só há poder civil e função militar é “subalterna”},
 url = {https://www.metropoles.com/brasil/no-stf-dino-diz-que-so-ha-poder-civil-e-funcao-militar-e-subalterna},
 year = {Sem Ano}
}

@online{STF_forma_placar_de_3_a_0_em_julgamento_que_n,
 abstract = {diariodonordeste.verdesmares.com.br},
 author = {diariodonordeste.verdesmares.com.br},
 keywords = {Sem palavras-chave},
 month = {Sem Mês},
 note = {Acessado em 2024-04-01 19:32:36},
 title = {STF forma placar de 3 a 0 em julgamento que nega possibilidade de intervenção militar constitucional - PontoPoder},
 url = {https://diariodonordeste.verdesmares.com.br/pontopoder/stf-forma-placar-de-3-a-0-em-julgamento-que-nega-possibilidade-de-intervencao-militar-constitucional-1.3495452},
 year = {Sem Ano}
}

@online{STF_tem_3_a_0_para_impedir_poder_moderador_da,
 abstract = {noticias.r7.com},
 author = {noticias.r7.com},
 keywords = {Sem palavras-chave},
 month = {Sem Mês},
 note = {Acessado em 2024-04-01 19:32:26},
 title = {STF tem 3 a 0 para impedir 'poder moderador' das Forças Armadas e intervenção militar},
 url = {https://noticias.r7.com/brasilia/stf-tem-3x0-para-impedir-poder-moderador-das-forcas-armadas-e-intervencao-militar-31032024},
 year = {Sem Ano}
}
