@online{Conheca_a_cidade_de_17_mil_habitantes_que_lid,
 abstract = {valor.globo.com},
 author = {valor.globo.com},
 keywords = {Sem palavras-chave},
 month = {Sem Mês},
 note = {Acessado em 2024-08-27 08:28:01},
 title = {Conheça a cidade de 17 mil habitantes que lidera as queimadas em São Paulo},
 url = {https://valor.globo.com/brasil/noticia/2024/08/27/conheca-a-cidade-de-17-mil-habitantes-que-lidera-as-queimadas-em-sao-paulo.ghtml},
 year = {Sem Ano}
}

@online{Policia_prende_quarto_suspeito_de_participaca,
 abstract = {cnnbrasil.com.br},
 author = {cnnbrasil.com.br},
 keywords = {Incêndio, Governo de São Paulo, Interior de São Paulo, Prisão},
 month = {Sem Mês},
 note = {Acessado em 2024-08-27 08:26:52},
 title = {Polícia prende quarto suspeito de participação em incêndios florestais no interior de SP},
 url = {https://www.cnnbrasil.com.br/nacional/policia-prende-quarto-suspeito-de-participacao-em-incendios-florestais-no-interior-de-sp/},
 year = {Sem Ano}
}

@online{Queimadas_em_SP_causaram_prejuizo_de_R_1_bi_a,
 abstract = {www1.folha.uol.com.br},
 author = {www1.folha.uol.com.br},
 keywords = {Sem palavras-chave},
 month = {August},
 note = {Acessado em 2024-08-27 08:29:03},
 title = {Queimadas em SP causaram prejuízo de R\$ 1 bi ao agronegócio, estima governo},
 url = {https://www1.folha.uol.com.br/mercado/2024/08/queimadas-em-sp-causaram-prejuizo-de-r-1-bi-ao-agronegocio-estima-governo.shtml},
 year = {2024}
}

@online{Semana_de_queimadas_teve_saltos_de_338_em_SP_,
 abstract = {www1.folha.uol.com.br},
 author = {www1.folha.uol.com.br},
 keywords = {Sem palavras-chave},
 month = {August},
 note = {Acessado em 2024-08-27 08:28:32},
 title = {Semana de queimadas teve saltos de 338\% em SP e 236\% em MT nos registros de incêndio},
 url = {https://www1.folha.uol.com.br/cotidiano/2024/08/semana-de-queimadas-teve-saltos-de-338-em-sp-e-236-em-mt-nos-registros-de-incendio.shtml},
 year = {2024}
}
