@online{Ao_retomar_refinaria_Lula_justifica_calote_da,
 abstract = {noticias.uol.com.br},
 author = {Giovanna Galvani, Lucas Borges Teixeira},
 keywords = {Sem palavras-chave},
 month = {Sem Mês},
 note = {Acessado em 2024-01-19 00:22:37},
 title = {Ao retomar refinaria, Lula justifica calote da Venezuela e ataca Lava Jato},
 url = {https://noticias.uol.com.br/politica/ultimas-noticias/2024/01/18/lula-refinaria-abreu-e-lima-expansao.htm},
 year = {Sem Ano}
}

@online{Carlos_Madeiro_Lula_volta_a_refinaria_em_PE_q,
 abstract = {noticias.uol.com.br},
 author = {Carlos Madeiro},
 keywords = {Sem palavras-chave},
 month = {Sem Mês},
 note = {Acessado em 2024-01-19 00:21:48},
 title = {Carlos Madeiro: Lula volta à refinaria em PE que fez o Brasil tomar calote da Venezuela},
 url = {https://noticias.uol.com.br/colunas/carlos-madeiro/2024/01/18/lula-volta-a-refinaria-que-lancou-com-hugo-chavez.htm},
 year = {Sem Ano}
}

@online{Lula_em_Pernambuco_nao_e_um_erro_Sao_varios__,
 abstract = {veja.abril.com.br},
 author = {Ricardo Rangel},
 keywords = {Sem palavras-chave},
 month = {Sem Mês},
 note = {Acessado em 2024-01-19 00:22:01},
 title = {Lula em Pernambuco não é um erro. São vários. \textbar{} Ricardo Rangel},
 url = {https://veja.abril.com.br/coluna/ricardo-rangel/lula-em-pernambuco-nao-e-um-erro-sao-varios},
 year = {Sem Ano}
}

@online{Para_manter_a_dependencia_externa_Globo_ataca,
 abstract = {pt.org.br},
 author = {Autor não identificado},
 keywords = {desmonte da Petrobras, Lava Jato, presidenta do PT Gleisi Hoffmann},
 month = {Sem Mês},
 note = {Acessado em 2024-01-25 02:52:28},
 title = {Para manter a dependência externa, Globo ataca Lula por retomar refinaria Abreu e Lima},
 url = {https://pt.org.br/para-manter-a-dependencia-externa-globo-ataca-lula-por-retomar-refinaria-abreu-e-lima/},
 year = {Sem Ano}
}

@online{Petrobras_anuncia_investimento_de_ate_R_8_bil,
 abstract = {cnnbrasil.com.br},
 author = {Da Reuters},
 keywords = {Petrobras},
 month = {Sem Mês},
 note = {Acessado em 2024-01-19 00:22:19},
 title = {Petrobras anuncia investimento de até R\$ 8 bilhões na ampliação da refinaria Abreu e Lima},
 url = {https://www.cnnbrasil.com.br/economia/macroeconomia/petrobras-anuncia-investimento-de-ate-r-8-bilhoes-na-ampliacao-da-refinaria-abreu-e-lima/},
 year = {Sem Ano}
}

@online{Petrobras_PETR4_investimentos_em_refinaria_pi,
 abstract = {seudinheiro.com},
 author = {Isabelle Santos},
 keywords = {Especiais SD, Imóveis e FIIs, IMÓVEIS},
 month = {Sem Mês},
 note = {Acessado em 2024-01-25 03:39:50},
 title = {Petrobras (PETR4): investimentos em refinaria ‘pivô’ da Lava Jato pode diminuir os dividendos da estatal; veja outras 5 ações para buscar proventos agora},
 url = {https://www.seudinheiro.com/2024/patrocinado/empiricus/petrobras-petr4-investimentos-em-refinaria-pivo-da-lava-jato-pode-diminuir-os-dividendos-da-estatal-veja-outras-5-acoes-para-buscar-proventos-agora-lbrdis275/},
 year = {Sem Ano}
}
