@online{website,
  title = {Roberto Amaral: 8 de janeiro, adeus as ilusoes},
  author = {Redação},
  year = {2024},
  month = {January},
  url = {http://www.example.com},
  note = {Acessado em 2024-01-15 21:43:07},
  abstract = {viomundo.com.br},
  keywords = {},
}
@online{website,
  title = {8 de janeiro de 2023: o dia que a democracia foi atacada},
  author = {Da Redação},
  year = {2024},
  month = {January},
  url = {http://www.example.com},
  note = {Acessado em 2024-01-15 21:43:19},
  abstract = {dol.com.br},
  keywords = {8 de janeiro, ataque à democracia, atos golpistas},
}
@online{website,
  title = {Quaest: 89% reprovam atos golpistas de 8 de janeiro; ha um ano, eram 94%},
  author = {Stella Borges},
  year = {2024},
  month = {January},
  url = {http://www.example.com},
  note = {Acessado em 2024-01-15 21:43:28},
  abstract = {noticias.uol.com.br},
  keywords = {},
}
@online{website,
  title = {Visao do Correio: Democracia fortalecida},
  author = {Correio Braziliense},
  year = {2024},
  month = {January},
  url = {http://www.example.com},
  note = {Acessado em 2024-01-15 21:49:20},
  abstract = {correiobraziliense.com.br},
  keywords = {democracia, 8 de janeiro, golpe},
}
@online{website,
  title = {8 de Janeiro: Agentes do caos seguem ativos e espectro do autoritarismo nos assombra, diz Lewandowski},
  author = {Sem Autor},
  year = {2024},
  month = {January},
  url = {http://www.example.com},
  note = {Acessado em 2024-01-15 22:41:34},
  abstract = {cartacapital.com.br},
  keywords = {STF, 8 de janeiro, Ricardo Lewandowski},
}
@online{website,
  title = {8 de janeiro: 38 confessaram crimes e fecharam acordos para nao serem presos},
  author = {Renan Melo Xavier},
  year = {2024},
  month = {January},
  url = {http://www.example.com},
  note = {Acessado em 2024-01-15 23:10:15},
  abstract = {itatiaia.com.br},
  keywords = {8 De Janeiro},
}
@online{website,
  title = {Lula diz que nao havera perdao para os culpados pelo 8 de janeiro - Noticias},
  author = {Sem Autor},
  year = {2024},
  month = {January},
  url = {http://www.example.com},
  note = {Acessado em 2024-01-15 23:41:13},
  abstract = {camara.leg.br},
  keywords = {},
}