@article{artigo,
    author      = {Autor, Nome},
    title       = {Título do Artigo},
    journal     = {Nome da Revista},
    year        = {2022},
    volume      = {1},
    number      = {2},
    pages       = {100-120},
    month       = {Janeiro},
    doi         = {10.1234/artigo},
    issn        = {1234-5678},
    abstract    = {Resumo do artigo.},
    keywords    = {Palavra-chave1, Palavra-chave2},
}

@book{livro,
    author      = {Autor, Nome},
    title       = {Título do Livro},
    publisher   = {Editora},
    year        = {2022},
    volume      = {1},
    series      = {Série},
    edition     = {2},
    isbn        = {123-456-789},
    abstract    = {Resumo do livro.},
    keywords    = {Palavra-chave1, Palavra-chave2},
}

@inproceedings{conferencia,
    author      = {Autor, Nome},
    title       = {Título da Conferência},
    booktitle   = {Nome da Conferência},
    year        = {2022},
    pages       = {30-40},
    month       = {Maio},
    organization= {Organização da Conferência},
    abstract    = {Resumo da conferência.},
    keywords    = {Palavra-chave1, Palavra-chave2},
}

@techreport{relatorio,
    author      = {Autor, Nome},
    title       = {Título do Relatório Técnico},
    institution = {Instituição},
    year        = {2022},
    type        = {Tipo de Relatório},
    number      = {123},
    address     = {Cidade, País},
    month       = {Setembro},
    abstract    = {Resumo do relatório técnico.},
    keywords    = {Palavra-chave1, Palavra-chave2},
}

@thesis{tese,
    author      = {Autor, Nome},
    title       = {Título da Tese},
    school      = {Nome da Instituição},
    year        = {2022},
    type        = {Grau},
    address     = {Cidade, País},
    month       = {Outubro},
    abstract    = {Resumo da tese.},
    keywords    = {Palavra-chave1, Palavra-chave2},
}

@manual{manual,
    title       = {Título do Manual},
    author      = {Autor, Nome},
    organization= {Organização},
    year        = {2022},
    address     = {Cidade, País},
    month       = {Novembro},
    abstract    = {Resumo do manual.},
    keywords    = {Palavra-chave1, Palavra-chave2},
}

@online{website,
    title       = {Título do Site},
    author      = {Autor, Nome},
    year        = {2022},
    url         = {http://www.example.com},
    note        = {Acessado em 01 de Janeiro de 2023},
    abstract    = {Descrição do conteúdo do site.},
    keywords    = {Palavra-chave1, Palavra-chave2},
}

@proceedings{proceedings,
    title       = {Título dos Anais},
    editor      = {Editor, Nome},
    booktitle   = {Nome da Conferência},
    year        = {2022},
    publisher   = {Editora},
    address     = {Cidade, País},
    month       = {Dezembro},
    abstract    = {Resumo dos Anais.},
    keywords    = {Palavra-chave1, Palavra-chave2},
}

@incollection{capitulo-livro,
    author      = {Autor, Nome},
    title       = {Título do Capítulo},
    booktitle   = {Título do Livro},
    publisher   = {Editora},
    year        = {2022},
    editor      = {Editor, Nome},
    pages       = {50-70},
    chapter     = {2},
    address     = {Cidade, País},
    month       = {Janeiro},
    abstract    = {Resumo do Capítulo.},
    keywords    = {Palavra-chave1, Palavra-chave2},
}

@misc{miscelanea,
    title       = {Título Genérico},
    author      = {Autor, Nome},
    howpublished= {Como foi publicado},
    year        = {2022},
    note        = {Observações adicionais},
    abstract    = {Descrição adicional.},
    keywords    = {Palavra-chave1, Palavra-chave2},
}

@inbook{inbook,
    author      = {Autor, Nome},
    title       = {Título do Capítulo},
    chapter     = {3},
    pages       = {30-45},
    publisher   = {Editora},
    year        = {2022},
    editor      = {Editor, Nome},
    booktitle   = {Título do Livro},
    address     = {Cidade, País},
    edition     = {2},
    month       = {Fevereiro},
    abstract    = {Resumo do capítulo em livro.},
    keywords    = {Palavra-chave1, Palavra-chave2},
}

@phdthesis{phdthesis,
    author      = {Autor, Nome},
    title       = {Título da Tese de Doutorado},
    school      = {Nome da Instituição},
    year        = {2022},
    address     = {Cidade, País},
    month       = {Março},
    abstract    = {Resumo da tese de doutorado.},
    keywords    = {Palavra-chave1, Palavra-chave2},
}

@patent{patente,
    author      = {Inventor, Nome},
    title       = {Título da Patente},
    year        = {2022},
    number      = {123456},
    month       = {Abril},
    abstract    = {Resumo da patente.},
    keywords    = {Palavra-chave1, Palavra-chave2},
}

@booklet{livreto,
    title       = {Título do Livreto},
    author      = {Autor, Nome},
    howpublished= {Como foi publicado},
    year        = {2022},
    address     = {Cidade, País},
    month       = {Maio},
    abstract    = {Resumo do livreto.},
    keywords    = {Palavra-chave1, Palavra-chave2},
}

@conference{congresso,
    title       = {Título do Congresso},
    author      = {Organizador, Nome},
    year        = {2022},
    venue       = {Local do Congresso},
    month       = {Junho},
    abstract    = {Resumo do congresso.},
    keywords    = {Palavra-chave1, Palavra-chave2},
}

@mastersthesis{mestrado,
    author      = {Autor, Nome},
    title       = {Título da Dissertação de Mestrado},
    school      = {Nome da Instituição},
    year        = {2022},
    address     = {Cidade, País},
    month       = {Julho},
    abstract    = {Resumo da dissertação de mestrado.},
    keywords    = {Palavra-chave1, Palavra-chave2},
}

@unpublished{naopublicado,
    author      = {Autor, Nome},
    title       = {Título do Trabalho Não Publicado},
    note        = {Manuscrito não publicado},
    year        = {2022},
    month       = {Agosto},
    abstract    = {Resumo do trabalho não publicado.},
    keywords    = {Palavra-chave1, Palavra-chave2},
}

@video{video,
    title       = {Título do Vídeo},
    author      = {Autor, Nome},
    year        = {2022},
    howpublished= {Meio de Publicação},
    month       = {Setembro},
    note        = {Disponível em: \url{http://www.example.com/video}},
    abstract    = {Descrição do vídeo.},
    keywords    = {Palavra-chave1, Palavra-chave2},
}

@artwork{arte,
    author      = {Artista, Nome},
    title       = {Título da Obra de Arte},
    year        = {2022},
    howpublished= {Meio de Publicação},
    month       = {Outubro},
    note        = {Local de Exibição},
    abstract    = {Descrição da obra de arte.},
    keywords    = {Palavra-chave1, Palavra-chave2},
}

@map{mapa,
    title       = {Título do Mapa},
    author      = {Autor, Nome},
    year        = {2022},
    publisher   = {Editora do Mapa},
    address     = {Cidade, País},
    month       = {Novembro},
    abstract    = {Descrição do conteúdo do mapa.},
    keywords    = {Palavra-chave1, Palavra-chave2},
}

@software{software,
    title       = {Título do Software},
    author      = {Desenvolvedor, Nome},
    year        = {2022},
    version     = {1.0},
    organization= {Organização do Software},
    month       = {Dezembro},
    abstract    = {Descrição do software.},
    keywords    = {Palavra-chave1, Palavra-chave2},
}

@dataset{conjunto-dados,
    title       = {Título do Conjunto de Dados},
    author      = {Criador, Nome},
    year        = {2022},
    howpublished= {Meio de Publicação},
    month       = {Janeiro},
    note        = {Disponível em: \url{http://www.example.com/dataset}},
    abstract    = {Descrição do conjunto de dados.},
    keywords    = {Palavra-chave1, Palavra-chave2},
}

